<?xml version="1.0" encoding="UTF-8"?><collection xmlns="http://www.loc.gov/MARC21/slim"><record><leader>00490nam--2200181-i-4500</leader><controlfield tag="001">000037593</controlfield><controlfield tag="002">20161230</controlfield><controlfield tag="005">20161230201041</controlfield><controlfield tag="008">060222s1000------------r-----000-0-eng-d</controlfield><datafield ind1=" " ind2=" " tag="040"><subfield code="a">IFIN-HH</subfield></datafield><datafield ind1=" " ind2=" " tag="080"><subfield code="a">533.9(021):537.52(021)</subfield></datafield><datafield ind1="1" ind2=" " tag="100"><subfield code="a">Rompe, R</subfield></datafield><datafield ind1="1" ind2="0" tag="245"><subfield code="a">Progress in plasma and gas electronics</subfield><subfield code="b">volume 1</subfield><subfield code="c">R. Rompe, M. Steenbeck</subfield></datafield><datafield ind1=" " ind2=" " tag="260"><subfield code="a">Berlin, Akademie-verlag, 1975</subfield></datafield><datafield ind1=" " ind2=" " tag="300"><subfield code="a">664 P</subfield></datafield><datafield ind1=" " ind2=" " tag="700"><subfield code="a">Steenbeck, M</subfield></datafield><datafield ind1=" " ind2=" " tag="852"><subfield code="a">43721</subfield><subfield code="c">533.9</subfield></datafield><datafield ind1=" " ind2=" " tag="CAT"><subfield code="a">Sys</subfield><subfield code="c">20100927</subfield><subfield code="h">152442</subfield></datafield></record></collection>